@book{lane2019,
  author = {Lane, H},
  title = {Natural Language Processing in Action: Understanding, Analyzing, and Generating Text with Python},
  edition = {1st},
  year = {2019},
  publisher = {Manning}
}

@article{numpy,
  author = {Harris, C.R. and Millman, K.J. and van der Walt, S.J. et al.},
  title = {Array Programming with NumPy},
  year = {2020}
}

@article{scikit-learn,
  author = {Pedregosa, F. and Varoquaux, G. and Gramfort, A. and Michel, V. and Thirion, B. and Grisel, O. and Duchesnay, E.},
  title = {Scikit-learn: Machine Learning in Python},
  journal = {Journal of Machine Learning Research},
  year = {2011}
}

@book{nltk,
  author = {Bird, S. and Klein, E. and Loper, E.},
  title = {Natural Language Processing with Python},
  year = {2009},
  publisher = {O'Reilly Media, Inc.},
}

@misc{matplotlib,
  title = {Matplotlibâ€”Visualization with Python},
  howpublished = {\url{https://matplotlib.org/}},
  note = {Retrieved 28 October 2023},
}

@misc{pandas,
  title = {Python Data Analysis Library},
  howpublished = {\url{https://pandas.pydata.org}},
  note = {Retrieved 28 October 2023},
}